@Manual{rticles,
  title = {rticles: Article Formats for R Markdown},
  author = {JJ Allaire and {R Foundation} and Hadley Wickham and {Journal of Statistical Software} and Yihui Xie and Ramnath  Vaidyanathan and {Assocation for Computing Machinery} and Carl Boettiger and {Elsevier} and Karl Broman and Kirill Mueller and Bastiaan Quast and Randall  Pruim and Ben Marwick and Charlotte Wickham and Oliver Keyes and Miao Yu},
  year = {2016},
  note = {R package version 0.2},
  url = {https://CRAN.R-project.org/package=rticles},
}

@Book{ggplot2009,
  author = {Hadley Wickham},
  title = {ggplot2: Elegant Graphics for Data Analysis},
  publisher = {Springer-Verlag New York},
  year = {2009},
  isbn = {978-0-387-98140-6},
  url = {http://ggplot2.org},
}
@Book{ggplot2016,
  author = {Hadley Wickham},
  title = {ggpot2: Elegant Graphics for Data Analysis},
  publisher = {Springer International Publishing},
  edition = {2nd},
  year = {2016},
  doi = {10.1007/978-3-319-24277-4},
  url = {http://www.springer.com/cn/book/9783319242750},
  isbn = {978-3-319-24275-0}
}
@misc{ggproto,
author = {Wickham, Hadley},
mendeley-groups = {Software},
title = {{Extending ggplot2}},
url = {https://cran.r-project.org/web/packages/ggplot2/vignettes/extending-ggplot2.html},
urldate = {2017-05-17},
year = {2016}
}
 

@Manual{gtable,
  title = {gtable: Arrange 'Grobs' in Tables},
  author = {Hadley Wickham},
  year = {2016},
  note = {R package version 0.2.0},
  url = {https://CRAN.R-project.org/package=gtable},
}


@Manual{gridExtra,
  title = {gridExtra: Miscellaneous Functions for "Grid" Graphics},
  author = {Baptiste Auguie},
  year = {2016},
  note = {R package version 2.2.1},
  url = {https://CRAN.R-project.org/package=gridExtra},
}

@article{Zhou2010,
author = {Zhou, Lutong and Braun, W John},
file = {::},
journal = {Journal of Statistics Education},
keywords = {R,grid},
mendeley-groups = {Software},
mendeley-tags = {R,grid},
number = {3},
title = {{Fun with the R Grid Package}},
url = {www.amstat.org/publications/jse/v18n3/zhou.pdf},
volume = {18},
year = {2010}
}

@Manual{ggthemes,
  title = {ggthemes: Extra Themes, Scales and Geoms for 'ggplot2'},
  author = {Jeffrey B. Arnold},
  year = {2017},
  note = {R package version 3.4.0},
  url = {https://CRAN.R-project.org/package=ggthemes},
}
@Manual{ggraph,
  title = {ggraph: An Implementation of Grammar of Graphics for Graphs and Networks},
  author = {Thomas Lin Pedersen},
  year = {2017},
  note = {R package version 1.0.0},
  url = {https://CRAN.R-project.org/package=ggraph},
}
@article{Murrell1999,
author = { Paul R.   Murrell },
title = {Layouts: A Mechanism for Arranging Plots on a Page},
journal = {Journal of Computational and Graphical Statistics},
volume = {8},
number = {1},
pages = {121-134},
year = {1999},
doi = {10.1080/10618600.1999.10474805},
URL = { http://www.tandfonline.com/doi/abs/10.1080/10618600.1999.10474805  },
eprint = { http://www.tandfonline.com/doi/pdf/10.1080/10618600.1999.10474805 }
}
@book{Murrell2005,
author = {Paul Murrell},
keywords = {R-grid},
mendeley-groups = {Software},
mendeley-tags = {R-grid},
publisher = {Chapman Hall/CRC},
title = {{R Graphics}},
url = {https://www.stat.auckland.ac.nz/{~}paul/RGraphics/rgraphics.html},
year = {2005}
}
@book{Murrell2011,
author = {Murrell, Paul},
edition = {2nd},
isbn = {9781439831762},
keywords = {R-grid},
mendeley-groups = {Software},
mendeley-tags = {R-grid},
pages = {536},
publisher = {CRC Press},
title = {{R graphics}},
url = {https://www.crcpress.com/R-Graphics-Second-Edition/Murrell/p/book/9781439831762},
year = {2011}
}
@book {Tufte2001,
    author    = {Edward Rolf Tufte},
    title     = {The Visual Display of Quantitative Information},
    publisher = {Graphics Press LLC},
    year      = {2001},
    address   = {Cheshire, Connecticut},
    edition   = {2nd},
    isbn      = {9780961392147}
}
